@misc{seeger2013pattern,
  title={{Pattern Classification and Machine Learning}},
  author={Seeger, Matthias},
  howpublished={Course notes},
  year={2013},
  month=feb
}

@inproceedings{lecun2004learning,
  title={{Learning Methods for Generic Object Recognition with Invariance to Pose and Lighting}},
  author={LeCun, Yann and Huang, Fu Jie and Bottou, L\'{e}on},
  booktitle={CVPR 2004},
  volume={2},
  pages={97--104},
  year={2004},
  organization={IEEE}
}
