@String(CVPR2004 = "Proceedings of CVPR 2004")

@misc{seeger2013pattern,
  author = "Seeger, Matthias",
  title = "Pattern Classification and Machine Learning",
  howpublished = "Course notes",
  year = 2013,
  month = feb,
}

@inproceedings{lecun2004learning,
  author = "LeCun, Yann and Huang, Fu Jie and Bottou, LÃ©on",
  title = "Learning Methods for Generic Object Recognition
      with Invariance to Pose and Lighting",
  booktitle = CVPR2004,
  year = 2004,
  month = jun,
  address = "Washington, DC, USA",
}
